% ------------------------------------------------------------------------
% SAMPLE BIBLIOGRAPHY FILE
% ------------------------------------------------------------------------
@ARTICLE{paper1,
  author = {Hongjie Ma and Hui Xie and David Brown},
  title = {Eco-Driving Assistance System for a Manual Transmission Bus Based on Machine Learning},
  journal = {IEEE Transactions on Intelligent Transportation Systems},
  year = {2018},
  volume = {19},
  pages = {572-581}
}

@ARTICLE{8002632,
author={C. Marina Martinez and M. Heucke and F. Wang and B. Gao and D. Cao},
journal={IEEE Transactions on Intelligent Transportation Systems},
title={Driving Style Recognition for Intelligent Vehicle Control and Advanced Driver Assistance: A Survey},
year={2018},
volume={19},
number={3},
pages={666-676},
keywords={driver information systems;intelligent transportation systems;learning (artificial intelligence);pattern classification;road safety;intelligent vehicle control;advanced driver assistance;vehicle energy management;driving safety;vehicle automation;driving style recognition;driving style identification;driving style classification;machine learning;Roads;Fuels;Safety;Acceleration;Intelligent vehicles;Automation;Driving style;driving conditions;driver behavior;driving style recognition;machine learning;intelligent vehicle control;energy efficiency;driving safety},
doi={10.1109/TITS.2017.2706978},
ISSN={1524-9050},
month={March},}

@INPROCEEDINGS{6957822,
author={D. Dörr and D. Grabengiesser and F. Gauterin},
booktitle={17th International IEEE Conference on Intelligent Transportation Systems (ITSC)},
title={Online driving style recognition using fuzzy logic},
year={2014},
volume={},
number={},
pages={1021-1026},
keywords={automobiles;driver information systems;fuzzy logic;online driving style recognition;fuzzy logic;car driver assistance systems;Matlab;Simulink;vehicle dynamics simulation;Vehicles;Roads;Fuzzy logic;Acceleration;Accelerometers;Sensors;MATLAB},
doi={10.1109/ITSC.2014.6957822},
ISSN={2153-0009},
month={Oct},}

@INPROCEEDINGS{6294318,
author={A. Aljaafreh and N. Alshabatat and M. S. Najim Al-Din},
booktitle={2012 IEEE International Conference on Vehicular Electronics and Safety (ICVES 2012)},
title={Driving style recognition using fuzzy logic},
year={2012},
volume={},
number={},
pages={460-463},
keywords={accelerometers;electrocardiography;fuzzy logic;fuzzy reasoning;Global Positioning System;road safety;traffic engineering computing;driving style recognition;aggressive driving;physiological signals;biometric information;electrocardiogram;electro dermal activity;respiration;driving performance inference system;traffic crashes;2-axis accelerometer;GPS tracker devices;vehicle tracking;fleet management;vehicle active safety;fuzzy logic inference system;fuzzy inference system;Vehicles;Fuzzy logic;Acceleration;Fatigue;Accelerometers;Monitoring;Global Positioning System},
doi={10.1109/ICVES.2012.6294318},
ISSN={},
month={July},}

@misc{website:EV-sales,
      title = "Global Plug-in Sales for {Q}1-2018",
      journal = "Ev-volumes.com",
      year = "2018",
      url = "http://www.ev-volumes.com/country/total-world-plug-in-vehicle-volumes/"
}

@article{website:El-comercio,
title={Este es el número de muertes por accidentes de tránsito en carreteras del Perú}, url={https://elcomercio.pe/peru/numero-accidentes-transito-carreteras-peru-2017-noticia-499060}, 
journal={El Comercio}, 
author={Medrano Marin, Hernán}, 
year={2018}, 
month={Febrero}
}

@article{website:PNP-accidentes, 
title={Siniestros {Viales en el Perú: Reporte Estadístico PNP años 2012-2017 }}, url={http://r2jsitt.com/wp-content/uploads/2017/12/Siniestros-Viales-Perú-2012-2017-version-web-VL.pdf}, 
journal={R2J: Sistemas Integrales Tecnológicos del Transporte}, 
author={Izaguirre Barrantes, Jorge Luis}, 
year={2017}, 
month={Diciembre}
}

@INPROCEEDINGS{4938719, 
author={Y. L. Murphey and R. Milton and L. Kiliaris}, 
booktitle={2009 IEEE Workshop on Computational Intelligence in Vehicles and Vehicular Systems}, 
title={Driver's style classification using jerk analysis}, 
year={2009}, 
volume={}, 
number={}, 
pages={23-28}, 
keywords={behavioural sciences;fuel economy;road traffic;jerk analysis;driver style classification;statistical information;traffic congestion level prediction;road way type;fuel economy;Roads;Energy management;Acceleration;Fuel economy;Knowledge management;Vehicle dynamics;Environmental management;Communication system traffic control;Power distribution;Databases}, 
doi={10.1109/CIVVS.2009.4938719}, 
ISSN={}, 
month={March},}

@book
    {   book:656375,
        resid = {656375},
        status =    {OK},
        title =      {Computational Intelligence in Automotive Applications (Studies in Computational Intelligence, Volume 132)},
        author =      {Danil Prokhorov},
        size =    {6394514},
        type =   {pdf},
        isbn = {},
        edition = {},
        volume =    {},
        md5 = {5700948e6b8dd861724539dfd69467b4},
        url =       {}
    }

@book{Highway_cap_manual,
title={Highway Capacity Manual 2000},
place={Washington, D.C.},
publisher={Transportation Research Board},
year={2000}
}
% ------------------------------------------------------------------------
